@Manual{R-base,
  title = {R: A Language and Environment for Statistical Computing},
  author = {{R Core Team}},
  organization = {R Foundation for Statistical Computing},
  address = {Vienna, Austria},
  year = {2023},
  url = {https://www.R-project.org/},
}
@Article{R-cocor,
  author = {Birk Diedenhofen and Jochen Musch},
  year = {2015},
  title = {cocor: A Comprehensive Solution for the Statistical Comparison of Correlations},
  journal = {PLoS ONE},
  volume = {10},
  number = {4},
  pages = {e0121945},
  doi = {10.1371/journal.pone.0121945},
  url = {http://dx.doi.org/10.1371/journal.pone.0121945},
  publisher = {Public Library of Science},
}
@Manual{R-cowplot,
  title = {cowplot: Streamlined Plot Theme and Plot Annotations for 'ggplot2'},
  author = {Claus O. Wilke},
  year = {2020},
  note = {R package version 1.1.1},
  url = {https://CRAN.R-project.org/package=cowplot},
}
@Manual{R-dplyr,
  title = {dplyr: A Grammar of Data Manipulation},
  author = {Hadley Wickham and Romain François and Lionel Henry and Kirill Müller and Davis Vaughan},
  year = {2023},
  note = {R package version 1.1.4},
  url = {https://CRAN.R-project.org/package=dplyr},
}
@Manual{R-forcats,
  title = {forcats: Tools for Working with Categorical Variables (Factors)},
  author = {Hadley Wickham},
  year = {2023},
  note = {R package version 1.0.0},
  url = {https://CRAN.R-project.org/package=forcats},
}
@Book{R-ggplot2,
  author = {Hadley Wickham},
  title = {ggplot2: Elegant Graphics for Data Analysis},
  publisher = {Springer-Verlag New York},
  year = {2016},
  isbn = {978-3-319-24277-4},
  url = {https://ggplot2.tidyverse.org},
}
@Manual{R-ggpubr,
  title = {ggpubr: 'ggplot2' Based Publication Ready Plots},
  author = {Alboukadel Kassambara},
  year = {2023},
  note = {R package version 0.6.0},
  url = {https://CRAN.R-project.org/package=ggpubr},
}
@Manual{R-kableExtra,
  title = {kableExtra: Construct Complex Table with 'kable' and Pipe Syntax},
  author = {Hao Zhu},
  year = {2024},
  note = {R package version 1.4.0},
  url = {https://CRAN.R-project.org/package=kableExtra},
}
@Book{R-knitr,
  title = {Dynamic Documents with {R} and knitr},
  author = {Yihui Xie},
  publisher = {Chapman and Hall/CRC},
  address = {Boca Raton, Florida},
  year = {2015},
  edition = {2nd},
  note = {ISBN 978-1498716963},
  url = {https://yihui.org/knitr/},
}
@Article{R-lubridate,
  title = {Dates and Times Made Easy with {lubridate}},
  author = {Garrett Grolemund and Hadley Wickham},
  journal = {Journal of Statistical Software},
  year = {2011},
  volume = {40},
  number = {3},
  pages = {1--25},
  url = {https://www.jstatsoft.org/v40/i03/},
}
@Manual{R-morphemepiece,
  title = {morphemepiece: Morpheme Tokenization},
  author = {Jonathan Bratt and Jon Harmon},
  year = {2022},
  note = {R package version 1.2.3},
  url = {https://CRAN.R-project.org/package=morphemepiece},
}
@Manual{R-papaja,
  title = {{papaja}: {Prepare} reproducible {APA} journal articles with {R Markdown}},
  author = {Frederik Aust and Marius Barth},
  year = {2023},
  note = {R package version 0.1.2},
  url = {https://github.com/crsh/papaja},
}
@Manual{R-purrr,
  title = {purrr: Functional Programming Tools},
  author = {Hadley Wickham and Lionel Henry},
  year = {2023},
  note = {R package version 1.0.2},
  url = {https://CRAN.R-project.org/package=purrr},
}
@Manual{R-pwr,
  title = {pwr: Basic Functions for Power Analysis},
  author = {Stephane Champely},
  year = {2020},
  note = {R package version 1.3-0},
  url = {https://CRAN.R-project.org/package=pwr},
}
@Manual{R-readr,
  title = {readr: Read Rectangular Text Data},
  author = {Hadley Wickham and Jim Hester and Jennifer Bryan},
  year = {2024},
  note = {R package version 2.1.5},
  url = {https://CRAN.R-project.org/package=readr},
}
@Manual{R-rlang,
  title = {rlang: Functions for Base Types and Core R and 'Tidyverse' Features},
  author = {Lionel Henry and Hadley Wickham},
  year = {2024},
  note = {R package version 1.1.4},
  url = {https://CRAN.R-project.org/package=rlang},
}
@Article{R-see,
  title = {{see}: An {R} Package for Visualizing Statistical Models},
  author = {Daniel Lüdecke and Indrajeet Patil and Mattan S. Ben-Shachar and Brenton M. Wiernik and Philip Waggoner and Dominique Makowski},
  journal = {Journal of Open Source Software},
  year = {2021},
  volume = {6},
  number = {64},
  pages = {3393},
  doi = {10.21105/joss.03393},
}
@Manual{R-stringr,
  title = {stringr: Simple, Consistent Wrappers for Common String Operations},
  author = {Hadley Wickham},
  year = {2023},
  note = {R package version 1.5.1},
  url = {https://CRAN.R-project.org/package=stringr},
}
@Manual{R-tibble,
  title = {tibble: Simple Data Frames},
  author = {Kirill Müller and Hadley Wickham},
  year = {2023},
  note = {R package version 3.2.1},
  url = {https://CRAN.R-project.org/package=tibble},
}
@Manual{R-tidyr,
  title = {tidyr: Tidy Messy Data},
  author = {Hadley Wickham and Davis Vaughan and Maximilian Girlich},
  year = {2024},
  note = {R package version 1.3.1},
  url = {https://CRAN.R-project.org/package=tidyr},
}
@Article{R-tidyverse,
  title = {Welcome to the {tidyverse}},
  author = {Hadley Wickham and Mara Averick and Jennifer Bryan and Winston Chang and Lucy D'Agostino McGowan and Romain François and Garrett Grolemund and Alex Hayes and Lionel Henry and Jim Hester and Max Kuhn and Thomas Lin Pedersen and Evan Miller and Stephan Milton Bache and Kirill Müller and Jeroen Ooms and David Robinson and Dana Paige Seidel and Vitalie Spinu and Kohske Takahashi and Davis Vaughan and Claus Wilke and Kara Woo and Hiroaki Yutani},
  year = {2019},
  journal = {Journal of Open Source Software},
  volume = {4},
  number = {43},
  pages = {1686},
  doi = {10.21105/joss.01686},
}
@Manual{R-tinylabels,
  title = {{tinylabels}: Lightweight Variable Labels},
  author = {Marius Barth},
  year = {2023},
  note = {R package version 0.2.4},
  url = {https://cran.r-project.org/package=tinylabels},
}
@Manual{R-udpipe,
  title = {udpipe: Tokenization, Parts of Speech Tagging, Lemmatization and
Dependency Parsing with the 'UDPipe' 'NLP' Toolkit},
  author = {Jan Wijffels},
  year = {2023},
  note = {R package version 0.8.11},
  url = {https://CRAN.R-project.org/package=udpipe},
}
@Manual{R-unpivotr,
  title = {unpivotr: Unpivot Complex and Irregular Data Layouts},
  author = {Duncan Garmonsway},
  year = {2024},
  note = {R package version 0.6.4},
  url = {https://CRAN.R-project.org/package=unpivotr},
}

@article{wang2022,
	title = {Home Auditory Environments of Children With Cochlear Implants and Children With Normal Hearing},
	author = {Wang, Yuanyuan and Cooke, Molly and Reed, Jessa and Dilley, Laura and Houston, Derek},
	year = {2022},
	date = {2022},
	journal = {Ear and Hearing},
	pages = {592},
	volume = {43},
	number = {2},
	doi = {10.1097/AUD.0000000000001124},
	url = {https://journals.lww.com/ear-hearing/Fulltext/2022/03000/Home_Auditory_Environments_of_Children_With.31.aspx?casa_token=C2dEd0plSpAAAAAA:uJsB5G4R_KVIk6uua58FtWhCmDPvnfgrmLUYrMbxRS6BOQQ-Os1WCzybJefI9Gp8zoHjUeqLzswFN32gUWFgAbc},
	note = {tex.ids= wang2022, wang2022a},
	langid = {canadian}
}

@techreport{gilkerson2008,
	title = {The LENA Natural Language Study},
	author = {Gilkerson, Jill and Richards, Jeffrey},
	year = {2008},
	date = {2008},
	url = {https://www.lena.org/wp-content/uploads/2016/07/LTR-02-2_Natural_Language_Study.pdf},
	address = {Boulder, CO}
}

@inproceedings{ganek2016,
	title = {The Language ENvironment Analysis (LENA) system: A literature review},
	author = {Ganek, Hillary and Eriks-Brophy, Alice},
	year = {2016},
	month = {11},
	date = {2016-11},
	publisher = {LiU Electronic Press},
	pages = {24{\textendash}32},
	url = {https://aclanthology.org/W16-6504},
	note = {tex.ids= ganek2016},
	address = {Umeå, Sweden}
}

@article{zimmerman2009,
	title = {Teaching by Listening: The Importance of Adult-Child Conversations to Language Development},
	author = {Zimmerman, Frederick J. and Gilkerson, Jill and Richards, Jeffrey and Christakis, Dimitri and Xu, Dongxin and Gray, Sharmistha and Yapanel, Umit},
	year = {2009},
	month = {07},
	date = {2009-07-01},
	journal = {Pediatrics},
	pages = {342--349},
	volume = {124},
	number = {1},
	doi = {10.1542/peds.2008-2267},
	url = {https://publications.aap.org/pediatrics/article/124/1/342/71619/Teaching-by-Listening-The-Importance-of-Adult},
	note = {tex.ids= zimmerman2009},
	langid = {en}
}

@techreport{xu2009,
	title = {Reliability of the LENA Language Environment Analysis System in Young Children{\textquoteright}s Natural Home Environment},
	author = {Xu, Dongxin and Yapanel, Umit and Gray, Sharmistha},
	year = {2009},
	month = {02},
	date = {2009-02},
	pages = {1--16},
	url = {https://www.lena.org/wp-content/uploads/2016/07/LTR-05-2_Reliability.pdf},
	note = {tex.ids= xu2009},
	address = {Boulder, CO},
	langid = {English}
}

@article{lavechin,
	title = {An open-source voice type classifier for child-centered daylong recordings},
	author = {Lavechin, Marvin and Bousbib, Ruben and Bredin, {Hervé} and Dupoux, Emmanuel and Cristia, Alejandrina},
	doi = {10.48550/arXiv.2005.12656},
	note = {Citation Key: lavechin}
}

@article{brugman2009,
	title = {Annotating Multimedia / Multi-modal resources with ELAN},
	author = {Brugman, Hennie and Russel, Albert},
	year = {2009},
	month = {03},
	date = {2009-03-22},
	journal = {Proceedings of the Fourth International Conference on Language Resources and Evaluation},
	note = {tex.ids= brugman2009}
}

@inproceedings{sloetjes2008,
	title = {Lrec 2008},
	author = {Sloetjes, Han and Wittenburg, Peter},
	editor = {Calzolari, Nicoletta and Choukri, Khalid and Maegaard, Bente and Mariani, Joseph and Odijk, Jan and Piperidis, Stelios and Tapias, Daniel},
	year = {2008},
	month = {05},
	date = {2008-05},
	publisher = {European Language Resources Association (ELRA)},
	url = {http://www.lrec-conf.org/proceedings/lrec2008/pdf/208_paper.pdf},
	note = {Citation Key: sloetjes2008},
	address = {Marrakech, Morocco}
}

@article{soderstrom2021,
	title = {Developing a Cross-Cultural Annotation System and MetaCorpus for Studying Infants{\textquoteright} Real World Language Experience},
	author = {Soderstrom, Melanie and Casillas, Marisa and Bergelson, Elika and Rosemberg, Celia and Alam, Florencia and Warlaumont, Anne S. and Bunce, John},
	year = {2021},
	month = {05},
	date = {2021-05-25},
	journal = {Collabra: Psychology},
	pages = {23445},
	volume = {7},
	number = {1},
	doi = {10.1525/collabra.23445},
	url = {https://doi.org/10.1525/collabra.23445},
	note = {tex.ids= soderstrom2021a, soderstromDevelopingCrossCulturalAnnotation2021a}
}

@article{macwhinney2019,
	title = {CHAT Manual},
	author = {MacWhinney, Brian},
	year = {2019},
	date = {2019},
	doi = {10.21415/3MHN-0Z89},
	url = {https://talkbank.org/manuals/CHAT.pdf},
	note = {Publisher: TalkBank
tex.ids= macwhinney2019},
	langid = {en}
}

@book{bratt2022,
	title = {morphemepiece: Morpheme Tokenization},
	author = {Bratt, Jonathan and Harmon, Jon and Learning, {Bedford Freeman & Worth Pub Grp LLC DBA Macmillan}},
	year = {2022},
	month = {04},
	date = {2022-04-16},
	url = {https://CRAN.R-project.org/package=morphemepiece}
}

@article{montag2018,
	title = {Quantity and Diversity: Simulating Early Word Learning Environments},
	author = {Montag, Jessica L. and Jones, Michael N. and Smith, Linda B.},
	year = {2018},
	month = {05},
	date = {2018-05},
	journal = {Cognitive Science},
	pages = {375--412},
	volume = {42 Suppl 2},
	number = {Suppl 2},
	doi = {10.1111/cogs.12592},
	note = {PMID: 29411899
PMCID: PMC5980672},
	langid = {eng}
}
